@book{pyo_ros_en_2017,
  title     = {ROS Robot Programming (English)},
  author    = {Yoonseok Pyo},
  ALTauthor = {Hancheol Cho, Leon Jung, Darby Lim},
  month     = {12},
  year      = {2017},
  publisher = {ROBOTIS},
  totalpages= {487},
  isbn      = {9791196230715},
  url       = {http://community.robotsource.org/t/download-the-ros-robot-programming-book-for-free/51}
}
@online{ros_distros,
	author = {GvdHoorn},
	title = {Distributions - ROS Wiki},
	date = {2019-11-04},
	url = {http://wiki.ros.org/Distributions}
}
@online{ros2_distros,
	author = {Generated},
	title = {Distributions - Ros2 Wiki},
	date = {2019-11-13},
	url = {https://index.ros.org/doc/ros2/Releases/}
}
@online{robotis_emanual,
	author = {robotis},
	title = {TurtleBot3 Overview},
	date = {2019},
	url = {http://emanual.robotis.com/docs/en/platform/turtlebot3/overview/}
}
@online{turtlebot3_specs,
	author = {robotis},
	title = {Turtlebot3 Hardware Specifications},
	url = {http://emanual.robotis.com/docs/en/platform/turtlebot3/specifications/#specifications},
	date = {2019}
}
@online{Kinetic_install,
	author = {TllyFoote},
	title = {kinetic/Installation - ROS Wiki},
	date = {2019-07-25},
	url = {http://wiki.ros.org/kinetic/Installation/Ubuntu}
}